% Encoding: UTF-8
@incollection{AUKEN201747,
	title = {{Chapter Two - A Review of Airborne Electromagnetic Methods With Focus on Geotechnical and Hydrological Applications From 2007 to 2017}},
	editor = {Lars Nielsen},
	series = {Advances in Geophysics},
	volume = {58},
	pages = {47 - 93},
	year = {2017},
	author = {Esben Auken and Tue Boesen and Anders V. Christiansen},
	keywords = {Groundwater exploration, Geotechnical exploration, Airborne EM, Review}
}

@article{Fountain1998,
	author = {David Fountain},
	title = {Airborne electromagnetic systems - 50 years of development},
	journal = {Exploration Geophysics},
	volume = {29},
	number = {1/2},
	pages = {1-11},
	year = {1998},
}